<?xml version="1.0" encoding="UTF-8"?>
<collection xmlns:xsi="http://www.w3.org/2001/XMLSchema-instance" xsi:schemaLocation="http://www.loc.gov/MARC21/slim http://www.loc.gov/standards/marcxml/schema/MARC21slim.xsd" xmlns="http://www.loc.gov/MARC21/slim">
<record>
  <leader>01248cam a2200277Ma 4500</leader>
  <controlfield tag="001">3068054</controlfield>
  <controlfield tag="003">NNC</controlfield>
  <controlfield tag="005">20140516141521.0</controlfield>
  <controlfield tag="008">890228s1929    sy            000 0 ara d</controlfield>
  <datafield tag="035" ind1=" " ind2=" ">
    <subfield code="9">ATP0478CU</subfield>
  </datafield>
  <datafield tag="035" ind1=" " ind2=" ">
    <subfield code="a">(OCoLC)ocm78078935</subfield>
  </datafield>
  <datafield tag="040" ind1=" " ind2=" ">
    <subfield code="a">MH</subfield>
    <subfield code="b">eng</subfield>
    <subfield code="c">HLS</subfield>
    <subfield code="d">OCLCG</subfield>
    <subfield code="d">LGG</subfield>
    <subfield code="d">OCLCA</subfield>
    <subfield code="d">OCLCQ</subfield>
    <subfield code="d">OCLCF</subfield>
    <subfield code="d">OCLCO</subfield>
  </datafield>
  <datafield tag="035" ind1=" " ind2=" ">
    <subfield code="a">(OCoLC)78078935</subfield>
  </datafield>
  <datafield tag="050" ind1=" " ind2="4">
    <subfield code="a">CS2970</subfield>
    <subfield code="b">.I25 1929</subfield>
  </datafield>
  <datafield tag="049" ind1=" " ind2=" ">
    <subfield code="a">ZCUA</subfield>
  </datafield>
  <datafield tag="100" ind1="1" ind2=" ">
    <subfield code="a">Ibn Jinnī, Abū al-Fatḥ ʻUthmān,</subfield>
    <subfield code="d">-1002.</subfield>
  </datafield>
  <datafield tag="245" ind1="1" ind2="3">
    <subfield code="a">al-Mubhij fī tafsīr asmāʼ shuʻaraʼ Dīwān al-ḥamāsah :</subfield>
    <subfield code="b">ʻan aṣl maktūb ʻām (669) maʻa al-muʻāraḍah bi-nuskhah qadīmah fī Dār al- Kutub al-Miṣrīyah wa-nuskhah nāqiṣah /</subfield>
    <subfield code="c">bi-khaṭṭ Muḥammad Maḥmūd ibn al-Talāmīdh al-Takizī al-Shinqīṭī min khizānatihi fī Dār al-Kutub al- Miṣrīyah ayḍan.</subfield>
  </datafield>
  <datafield tag="260" ind1=" " ind2=" ">
    <subfield code="a">Dimashq :</subfield>
    <subfield code="b">Maṭbaʻat al-Taraqqī,</subfield>
    <subfield code="c">1348 [1929]</subfield>
  </datafield>
  <datafield tag="300" ind1=" " ind2=" ">
    <subfield code="a">73 pages</subfield>
  </datafield>
  <datafield tag="336" ind1=" " ind2=" ">
    <subfield code="a">text</subfield>
    <subfield code="b">txt</subfield>
    <subfield code="2">rdacontent</subfield>
  </datafield>
  <datafield tag="337" ind1=" " ind2=" ">
    <subfield code="a">unmediated</subfield>
    <subfield code="b">n</subfield>
    <subfield code="2">rdamedia</subfield>
  </datafield>
  <datafield tag="338" ind1=" " ind2=" ">
    <subfield code="a">volume</subfield>
    <subfield code="b">nc</subfield>
    <subfield code="2">rdacarrier</subfield>
  </datafield>
  <datafield tag="650" ind1=" " ind2="0">
    <subfield code="a">Names, Personal</subfield>
    <subfield code="x">Arabic.</subfield>
  </datafield>
  <datafield tag="650" ind1=" " ind2="7">
    <subfield code="a">Names, Personal</subfield>
    <subfield code="x">Arabic.</subfield>
    <subfield code="2">fast</subfield>
    <subfield code="0">(OCoLC)fst01751766</subfield>
  </datafield>
  <datafield tag="700" ind1="0" ind2="2">
    <subfield code="a">Abū Tammām Ḥabīb ibn Aws al-Ṭāʼī,</subfield>
    <subfield code="d">active 808-842.</subfield>
    <subfield code="t">Ḥamāsah.</subfield>
  </datafield>
  <datafield tag="955" ind1=" " ind2=" ">
    <subfield code="b">CU58865101</subfield>
    <subfield code="d">off,glx</subfield>
    <subfield code="e">893.7112 Ib595</subfield>
  </datafield>
</record>
</collection>